%YAML 1.1
%TAG !u! tag:unity3d.com,2011:
--- !u!64 &1699446975
MeshCollider:
  m_ObjectHideFlags: 0
  m_CorrespondingSourceObject: {fileID: 0}
  m_PrefabInstance: {fileID: 0}
  m_PrefabAsset: {fileID: 0}
  m_GameObject: {fileID: 898486197068853440}
  m_Material: {fileID: 0}
  m_IsTrigger: 0
  m_Enabled: 1
  serializedVersion: 4
  m_Convex: 1
  m_CookingOptions: 30
  m_Mesh: {fileID: -6679825976550175534, guid: ad2cc4e71b132824ba3b3ed4c3074662, type: 3}
--- !u!64 &649123495
MeshCollider:
  m_ObjectHideFlags: 0
  m_CorrespondingSourceObject: {fileID: 0}
  m_PrefabInstance: {fileID: 0}
  m_PrefabAsset: {fileID: 0}
  m_GameObject: {fileID: 898486197360168943}
  m_Material: {fileID: 0}
  m_IsTrigger: 0
  m_Enabled: 1
  serializedVersion: 4
  m_Convex: 1
  m_CookingOptions: 30
  m_Mesh: {fileID: -3482195748269426793, guid: fc35aaed7afa61e4fb4d77510032e027, type: 3}
--- !u!64 &721673390
MeshCollider:
  m_ObjectHideFlags: 0
  m_CorrespondingSourceObject: {fileID: 0}
  m_PrefabInstance: {fileID: 0}
  m_PrefabAsset: {fileID: 0}
  m_GameObject: {fileID: 898486197415675366}
  m_Material: {fileID: 0}
  m_IsTrigger: 0
  m_Enabled: 1
  serializedVersion: 4
  m_Convex: 1
  m_CookingOptions: 30
  m_Mesh: {fileID: -6679825976550175534, guid: ad2cc4e71b132824ba3b3ed4c3074662, type: 3}
--- !u!1 &898486198075398894
GameObject:
  m_ObjectHideFlags: 0
  m_CorrespondingSourceObject: {fileID: 0}
  m_PrefabInstance: {fileID: 0}
  m_PrefabAsset: {fileID: 0}
  serializedVersion: 6
  m_Component:
  - component: {fileID: 518970327260217428}
  - component: {fileID: 3502704666693554161}
  - component: {fileID: 1691361282148514619}
  - component: {fileID: 52206728379180988}
  m_Layer: 6
  m_Name: M_PlatformLarge_0
  m_TagString: Untagged
  m_Icon: {fileID: 0}
  m_NavMeshLayer: 0
  m_StaticEditorFlags: 0
  m_IsActive: 1
--- !u!4 &518970327260217428
Transform:
  m_ObjectHideFlags: 0
  m_CorrespondingSourceObject: {fileID: 0}
  m_PrefabInstance: {fileID: 0}
  m_PrefabAsset: {fileID: 0}
  m_GameObject: {fileID: 898486198075398894}
  m_LocalRotation: {x: 0.00007401621, y: 0.7071068, z: -0.00007401621, w: 0.7071068}
  m_LocalPosition: {x: 1.06, y: -2.72, z: -0}
  m_LocalScale: {x: 1.7, y: 0.55742955, z: 1.3199426}
  m_ConstrainProportionsScale: 0
  m_Children:
  - {fileID: 3658069857158587829}
  - {fileID: 8786828819678616225}
  - {fileID: 518970326895220053}
  - {fileID: 518970326671810396}
  - {fileID: 518970327139420422}
  - {fileID: 518970325985208954}
  - {fileID: 518970327679964567}
  m_Father: {fileID: 0}
  m_RootOrder: 0
  m_LocalEulerAnglesHint: {x: 0.012, y: 90, z: 0}
--- !u!33 &3502704666693554161
MeshFilter:
  m_ObjectHideFlags: 0
  m_CorrespondingSourceObject: {fileID: 0}
  m_PrefabInstance: {fileID: 0}
  m_PrefabAsset: {fileID: 0}
  m_GameObject: {fileID: 898486198075398894}
  m_Mesh: {fileID: -1531585429231219141, guid: afb9576303610c647bcdd3a8760eb9bb, type: 3}
--- !u!23 &1691361282148514619
MeshRenderer:
  m_ObjectHideFlags: 0
  m_CorrespondingSourceObject: {fileID: 0}
  m_PrefabInstance: {fileID: 0}
  m_PrefabAsset: {fileID: 0}
  m_GameObject: {fileID: 898486198075398894}
  m_Enabled: 1
  m_CastShadows: 1
  m_ReceiveShadows: 1
  m_DynamicOccludee: 1
  m_StaticShadowCaster: 0
  m_MotionVectors: 1
  m_LightProbeUsage: 1
  m_ReflectionProbeUsage: 1
  m_RayTracingMode: 2
  m_RayTraceProcedural: 0
  m_RenderingLayerMask: 1
  m_RendererPriority: 0
  m_Materials:
  - {fileID: 2100000, guid: 767bfe3df12497941823a46b8fc99053, type: 2}
  - {fileID: 2100000, guid: a33d285cda7114c47a86c18a256790d3, type: 2}
  m_StaticBatchInfo:
    firstSubMesh: 0
    subMeshCount: 0
  m_StaticBatchRoot: {fileID: 0}
  m_ProbeAnchor: {fileID: 0}
  m_LightProbeVolumeOverride: {fileID: 0}
  m_ScaleInLightmap: 1
  m_ReceiveGI: 1
  m_PreserveUVs: 0
  m_IgnoreNormalsForChartDetection: 0
  m_ImportantGI: 0
  m_StitchLightmapSeams: 1
  m_SelectedEditorRenderState: 3
  m_MinimumChartSize: 4
  m_AutoUVMaxDistance: 0.5
  m_AutoUVMaxAngle: 89
  m_LightmapParameters: {fileID: 0}
  m_SortingLayerID: 0
  m_SortingLayer: 0
  m_SortingOrder: 0
  m_AdditionalVertexStreams: {fileID: 0}
--- !u!65 &52206728379180988
BoxCollider:
  m_ObjectHideFlags: 0
  m_CorrespondingSourceObject: {fileID: 0}
  m_PrefabInstance: {fileID: 0}
  m_PrefabAsset: {fileID: 0}
  m_GameObject: {fileID: 898486198075398894}
  m_Material: {fileID: 0}
  m_IsTrigger: 0
  m_Enabled: 1
  serializedVersion: 2
  m_Size: {x: 1.0010556, y: 0.99999994, z: 2.004316}
  m_Center: {x: -1.5162421e-15, y: 0.49999994, z: 0.0000000036629562}
--- !u!64 &2003506793
MeshCollider:
  m_ObjectHideFlags: 0
  m_CorrespondingSourceObject: {fileID: 0}
  m_PrefabInstance: {fileID: 0}
  m_PrefabAsset: {fileID: 0}
  m_GameObject: {fileID: 898486198696496941}
  m_Material: {fileID: 0}
  m_IsTrigger: 0
  m_Enabled: 1
  serializedVersion: 4
  m_Convex: 1
  m_CookingOptions: 30
  m_Mesh: {fileID: -6679825976550175534, guid: ad2cc4e71b132824ba3b3ed4c3074662, type: 3}
--- !u!1001 &52206727925887612
PrefabInstance:
  m_ObjectHideFlags: 0
  serializedVersion: 2
  m_Modification:
    m_TransformParent: {fileID: 518970327260217428}
    m_Modifications:
    - target: {fileID: -8679921383154817045, guid: ad2cc4e71b132824ba3b3ed4c3074662, type: 3}
      propertyPath: m_RootOrder
      value: 6
      objectReference: {fileID: 0}
    - target: {fileID: -8679921383154817045, guid: ad2cc4e71b132824ba3b3ed4c3074662, type: 3}
      propertyPath: m_LocalScale.x
      value: 0.8636082
      objectReference: {fileID: 0}
    - target: {fileID: -8679921383154817045, guid: ad2cc4e71b132824ba3b3ed4c3074662, type: 3}
      propertyPath: m_LocalScale.y
      value: 1.3899707
      objectReference: {fileID: 0}
    - target: {fileID: -8679921383154817045, guid: ad2cc4e71b132824ba3b3ed4c3074662, type: 3}
      propertyPath: m_LocalScale.z
      value: 1.7005292
      objectReference: {fileID: 0}
    - target: {fileID: -8679921383154817045, guid: ad2cc4e71b132824ba3b3ed4c3074662, type: 3}
      propertyPath: m_LocalPosition.x
      value: 0.007059187
      objectReference: {fileID: 0}
    - target: {fileID: -8679921383154817045, guid: ad2cc4e71b132824ba3b3ed4c3074662, type: 3}
      propertyPath: m_LocalPosition.y
      value: 0.2533408
      objectReference: {fileID: 0}
    - target: {fileID: -8679921383154817045, guid: ad2cc4e71b132824ba3b3ed4c3074662, type: 3}
      propertyPath: m_LocalPosition.z
      value: 0.78334475
      objectReference: {fileID: 0}
    - target: {fileID: -8679921383154817045, guid: ad2cc4e71b132824ba3b3ed4c3074662, type: 3}
      propertyPath: m_LocalRotation.w
      value: 0.16775754
      objectReference: {fileID: 0}
    - target: {fileID: -8679921383154817045, guid: ad2cc4e71b132824ba3b3ed4c3074662, type: 3}
      propertyPath: m_LocalRotation.x
      value: 0.68691856
      objectReference: {fileID: 0}
    - target: {fileID: -8679921383154817045, guid: ad2cc4e71b132824ba3b3ed4c3074662, type: 3}
      propertyPath: m_LocalRotation.y
      value: -0.16775754
      objectReference: {fileID: 0}
    - target: {fileID: -8679921383154817045, guid: ad2cc4e71b132824ba3b3ed4c3074662, type: 3}
      propertyPath: m_LocalRotation.z
      value: -0.68691903
      objectReference: {fileID: 0}
    - target: {fileID: -8679921383154817045, guid: ad2cc4e71b132824ba3b3ed4c3074662, type: 3}
      propertyPath: m_LocalEulerAnglesHint.x
      value: 0
      objectReference: {fileID: 0}
    - target: {fileID: -8679921383154817045, guid: ad2cc4e71b132824ba3b3ed4c3074662, type: 3}
      propertyPath: m_LocalEulerAnglesHint.y
      value: 0
      objectReference: {fileID: 0}
    - target: {fileID: -8679921383154817045, guid: ad2cc4e71b132824ba3b3ed4c3074662, type: 3}
      propertyPath: m_LocalEulerAnglesHint.z
      value: -152.564
      objectReference: {fileID: 0}
    - target: {fileID: -7511558181221131132, guid: ad2cc4e71b132824ba3b3ed4c3074662, type: 3}
      propertyPath: m_Materials.Array.data[0]
      value: 
      objectReference: {fileID: 2100000, guid: a33d285cda7114c47a86c18a256790d3, type: 2}
    - target: {fileID: 919132149155446097, guid: ad2cc4e71b132824ba3b3ed4c3074662, type: 3}
      propertyPath: m_Name
      value: rocks (2)
      objectReference: {fileID: 0}
    - target: {fileID: 919132149155446097, guid: ad2cc4e71b132824ba3b3ed4c3074662, type: 3}
      propertyPath: m_Layer
      value: 6
      objectReference: {fileID: 0}
    m_RemovedComponents: []
  m_SourcePrefab: {fileID: 100100000, guid: ad2cc4e71b132824ba3b3ed4c3074662, type: 3}
--- !u!1 &898486198696496941 stripped
GameObject:
  m_CorrespondingSourceObject: {fileID: 919132149155446097, guid: ad2cc4e71b132824ba3b3ed4c3074662, type: 3}
  m_PrefabInstance: {fileID: 52206727925887612}
  m_PrefabAsset: {fileID: 0}
--- !u!4 &518970327679964567 stripped
Transform:
  m_CorrespondingSourceObject: {fileID: -8679921383154817045, guid: ad2cc4e71b132824ba3b3ed4c3074662, type: 3}
  m_PrefabInstance: {fileID: 52206727925887612}
  m_PrefabAsset: {fileID: 0}
--- !u!1001 &52206728458039021
PrefabInstance:
  m_ObjectHideFlags: 0
  serializedVersion: 2
  m_Modification:
    m_TransformParent: {fileID: 518970327260217428}
    m_Modifications:
    - target: {fileID: -8679921383154817045, guid: eb63ff03cd83531459ac90beb600255d, type: 3}
      propertyPath: m_RootOrder
      value: 4
      objectReference: {fileID: 0}
    - target: {fileID: -8679921383154817045, guid: eb63ff03cd83531459ac90beb600255d, type: 3}
      propertyPath: m_LocalScale.x
      value: 0.47423974
      objectReference: {fileID: 0}
    - target: {fileID: -8679921383154817045, guid: eb63ff03cd83531459ac90beb600255d, type: 3}
      propertyPath: m_LocalScale.y
      value: 1.219885
      objectReference: {fileID: 0}
    - target: {fileID: -8679921383154817045, guid: eb63ff03cd83531459ac90beb600255d, type: 3}
      propertyPath: m_LocalScale.z
      value: 0.42873296
      objectReference: {fileID: 0}
    - target: {fileID: -8679921383154817045, guid: eb63ff03cd83531459ac90beb600255d, type: 3}
      propertyPath: m_LocalPosition.x
      value: 0.44647098
      objectReference: {fileID: 0}
    - target: {fileID: -8679921383154817045, guid: eb63ff03cd83531459ac90beb600255d, type: 3}
      propertyPath: m_LocalPosition.y
      value: 1.0008851
      objectReference: {fileID: 0}
    - target: {fileID: -8679921383154817045, guid: eb63ff03cd83531459ac90beb600255d, type: 3}
      propertyPath: m_LocalPosition.z
      value: 0.8794938
      objectReference: {fileID: 0}
    - target: {fileID: -8679921383154817045, guid: eb63ff03cd83531459ac90beb600255d, type: 3}
      propertyPath: m_LocalRotation.w
      value: 0.8796352
      objectReference: {fileID: 0}
    - target: {fileID: -8679921383154817045, guid: eb63ff03cd83531459ac90beb600255d, type: 3}
      propertyPath: m_LocalRotation.x
      value: -0.00009341288
      objectReference: {fileID: 0}
    - target: {fileID: -8679921383154817045, guid: eb63ff03cd83531459ac90beb600255d, type: 3}
      propertyPath: m_LocalRotation.y
      value: -0.47564906
      objectReference: {fileID: 0}
    - target: {fileID: -8679921383154817045, guid: eb63ff03cd83531459ac90beb600255d, type: 3}
      propertyPath: m_LocalRotation.z
      value: 0.0000504203
      objectReference: {fileID: 0}
    - target: {fileID: -8679921383154817045, guid: eb63ff03cd83531459ac90beb600255d, type: 3}
      propertyPath: m_LocalEulerAnglesHint.x
      value: 0
      objectReference: {fileID: 0}
    - target: {fileID: -8679921383154817045, guid: eb63ff03cd83531459ac90beb600255d, type: 3}
      propertyPath: m_LocalEulerAnglesHint.y
      value: 33.197
      objectReference: {fileID: 0}
    - target: {fileID: -8679921383154817045, guid: eb63ff03cd83531459ac90beb600255d, type: 3}
      propertyPath: m_LocalEulerAnglesHint.z
      value: 0
      objectReference: {fileID: 0}
    - target: {fileID: -7511558181221131132, guid: eb63ff03cd83531459ac90beb600255d, type: 3}
      propertyPath: m_Materials.Array.data[0]
      value: 
      objectReference: {fileID: 2100000, guid: 767bfe3df12497941823a46b8fc99053, type: 2}
    - target: {fileID: -7511558181221131132, guid: eb63ff03cd83531459ac90beb600255d, type: 3}
      propertyPath: m_Materials.Array.data[1]
      value: 
      objectReference: {fileID: 2100000, guid: a33d285cda7114c47a86c18a256790d3, type: 2}
    - target: {fileID: 919132149155446097, guid: eb63ff03cd83531459ac90beb600255d, type: 3}
      propertyPath: m_Name
      value: treePineSnow (1)
      objectReference: {fileID: 0}
    - target: {fileID: 919132149155446097, guid: eb63ff03cd83531459ac90beb600255d, type: 3}
      propertyPath: m_Layer
      value: 6
      objectReference: {fileID: 0}
    m_RemovedComponents: []
  m_SourcePrefab: {fileID: 100100000, guid: eb63ff03cd83531459ac90beb600255d, type: 3}
--- !u!4 &518970327139420422 stripped
Transform:
  m_CorrespondingSourceObject: {fileID: -8679921383154817045, guid: eb63ff03cd83531459ac90beb600255d, type: 3}
  m_PrefabInstance: {fileID: 52206728458039021}
  m_PrefabAsset: {fileID: 0}
--- !u!1001 &52206728736125630
PrefabInstance:
  m_ObjectHideFlags: 0
  serializedVersion: 2
  m_Modification:
    m_TransformParent: {fileID: 518970327260217428}
    m_Modifications:
    - target: {fileID: -8679921383154817045, guid: fc35aaed7afa61e4fb4d77510032e027, type: 3}
      propertyPath: m_RootOrder
      value: 2
      objectReference: {fileID: 0}
    - target: {fileID: -8679921383154817045, guid: fc35aaed7afa61e4fb4d77510032e027, type: 3}
      propertyPath: m_LocalScale.x
      value: 0.7576087
      objectReference: {fileID: 0}
    - target: {fileID: -8679921383154817045, guid: fc35aaed7afa61e4fb4d77510032e027, type: 3}
      propertyPath: m_LocalScale.y
      value: 1.6265192
      objectReference: {fileID: 0}
    - target: {fileID: -8679921383154817045, guid: fc35aaed7afa61e4fb4d77510032e027, type: 3}
      propertyPath: m_LocalScale.z
      value: 0.58823526
      objectReference: {fileID: 0}
    - target: {fileID: -8679921383154817045, guid: fc35aaed7afa61e4fb4d77510032e027, type: 3}
      propertyPath: m_LocalPosition.x
      value: 0
      objectReference: {fileID: 0}
    - target: {fileID: -8679921383154817045, guid: fc35aaed7afa61e4fb4d77510032e027, type: 3}
      propertyPath: m_LocalPosition.y
      value: 0.06930117
      objectReference: {fileID: 0}
    - target: {fileID: -8679921383154817045, guid: fc35aaed7afa61e4fb4d77510032e027, type: 3}
      propertyPath: m_LocalPosition.z
      value: -1.319003
      objectReference: {fileID: 0}
    - target: {fileID: -8679921383154817045, guid: fc35aaed7afa61e4fb4d77510032e027, type: 3}
      propertyPath: m_LocalRotation.w
      value: 0.707107
      objectReference: {fileID: 0}
    - target: {fileID: -8679921383154817045, guid: fc35aaed7afa61e4fb4d77510032e027, type: 3}
      propertyPath: m_LocalRotation.x
      value: -0.00007511731
      objectReference: {fileID: 0}
    - target: {fileID: -8679921383154817045, guid: fc35aaed7afa61e4fb4d77510032e027, type: 3}
      propertyPath: m_LocalRotation.y
      value: -0.7071066
      objectReference: {fileID: 0}
    - target: {fileID: -8679921383154817045, guid: fc35aaed7afa61e4fb4d77510032e027, type: 3}
      propertyPath: m_LocalRotation.z
      value: 0.00007500374
      objectReference: {fileID: 0}
    - target: {fileID: -8679921383154817045, guid: fc35aaed7afa61e4fb4d77510032e027, type: 3}
      propertyPath: m_LocalEulerAnglesHint.x
      value: 0
      objectReference: {fileID: 0}
    - target: {fileID: -8679921383154817045, guid: fc35aaed7afa61e4fb4d77510032e027, type: 3}
      propertyPath: m_LocalEulerAnglesHint.y
      value: 0
      objectReference: {fileID: 0}
    - target: {fileID: -8679921383154817045, guid: fc35aaed7afa61e4fb4d77510032e027, type: 3}
      propertyPath: m_LocalEulerAnglesHint.z
      value: 0
      objectReference: {fileID: 0}
    - target: {fileID: -7511558181221131132, guid: fc35aaed7afa61e4fb4d77510032e027, type: 3}
      propertyPath: m_Materials.Array.data[0]
      value: 
      objectReference: {fileID: 2100000, guid: a33d285cda7114c47a86c18a256790d3, type: 2}
    - target: {fileID: -7511558181221131132, guid: fc35aaed7afa61e4fb4d77510032e027, type: 3}
      propertyPath: m_Materials.Array.data[1]
      value: 
      objectReference: {fileID: 2100000, guid: 767bfe3df12497941823a46b8fc99053, type: 2}
    - target: {fileID: 919132149155446097, guid: fc35aaed7afa61e4fb4d77510032e027, type: 3}
      propertyPath: m_Name
      value: M_BlockHalf
      objectReference: {fileID: 0}
    - target: {fileID: 919132149155446097, guid: fc35aaed7afa61e4fb4d77510032e027, type: 3}
      propertyPath: m_Layer
      value: 6
      objectReference: {fileID: 0}
    m_RemovedComponents: []
  m_SourcePrefab: {fileID: 100100000, guid: fc35aaed7afa61e4fb4d77510032e027, type: 3}
--- !u!1 &898486197360168943 stripped
GameObject:
  m_CorrespondingSourceObject: {fileID: 919132149155446097, guid: fc35aaed7afa61e4fb4d77510032e027, type: 3}
  m_PrefabInstance: {fileID: 52206728736125630}
  m_PrefabAsset: {fileID: 0}
--- !u!4 &518970326895220053 stripped
Transform:
  m_CorrespondingSourceObject: {fileID: -8679921383154817045, guid: fc35aaed7afa61e4fb4d77510032e027, type: 3}
  m_PrefabInstance: {fileID: 52206728736125630}
  m_PrefabAsset: {fileID: 0}
--- !u!1001 &52206728925722807
PrefabInstance:
  m_ObjectHideFlags: 0
  serializedVersion: 2
  m_Modification:
    m_TransformParent: {fileID: 518970327260217428}
    m_Modifications:
    - target: {fileID: -8679921383154817045, guid: ad2cc4e71b132824ba3b3ed4c3074662, type: 3}
      propertyPath: m_RootOrder
      value: 3
      objectReference: {fileID: 0}
    - target: {fileID: -8679921383154817045, guid: ad2cc4e71b132824ba3b3ed4c3074662, type: 3}
      propertyPath: m_LocalScale.x
      value: 1.3807418
      objectReference: {fileID: 0}
    - target: {fileID: -8679921383154817045, guid: ad2cc4e71b132824ba3b3ed4c3074662, type: 3}
      propertyPath: m_LocalScale.y
      value: 4.5419188
      objectReference: {fileID: 0}
    - target: {fileID: -8679921383154817045, guid: ad2cc4e71b132824ba3b3ed4c3074662, type: 3}
      propertyPath: m_LocalScale.z
      value: 1.2436569
      objectReference: {fileID: 0}
    - target: {fileID: -8679921383154817045, guid: ad2cc4e71b132824ba3b3ed4c3074662, type: 3}
      propertyPath: m_LocalPosition.x
      value: 0.023528947
      objectReference: {fileID: 0}
    - target: {fileID: -8679921383154817045, guid: ad2cc4e71b132824ba3b3ed4c3074662, type: 3}
      propertyPath: m_LocalPosition.y
      value: 0.52323806
      objectReference: {fileID: 0}
    - target: {fileID: -8679921383154817045, guid: ad2cc4e71b132824ba3b3ed4c3074662, type: 3}
      propertyPath: m_LocalPosition.z
      value: -1.1841893
      objectReference: {fileID: 0}
    - target: {fileID: -8679921383154817045, guid: ad2cc4e71b132824ba3b3ed4c3074662, type: 3}
      propertyPath: m_LocalRotation.w
      value: 0.00007518287
      objectReference: {fileID: 0}
    - target: {fileID: -8679921383154817045, guid: ad2cc4e71b132824ba3b3ed4c3074662, type: 3}
      propertyPath: m_LocalRotation.x
      value: 0.7071066
      objectReference: {fileID: 0}
    - target: {fileID: -8679921383154817045, guid: ad2cc4e71b132824ba3b3ed4c3074662, type: 3}
      propertyPath: m_LocalRotation.y
      value: -0.00007529643
      objectReference: {fileID: 0}
    - target: {fileID: -8679921383154817045, guid: ad2cc4e71b132824ba3b3ed4c3074662, type: 3}
      propertyPath: m_LocalRotation.z
      value: -0.707107
      objectReference: {fileID: 0}
    - target: {fileID: -8679921383154817045, guid: ad2cc4e71b132824ba3b3ed4c3074662, type: 3}
      propertyPath: m_LocalEulerAnglesHint.x
      value: 0
      objectReference: {fileID: 0}
    - target: {fileID: -8679921383154817045, guid: ad2cc4e71b132824ba3b3ed4c3074662, type: 3}
      propertyPath: m_LocalEulerAnglesHint.y
      value: 0
      objectReference: {fileID: 0}
    - target: {fileID: -8679921383154817045, guid: ad2cc4e71b132824ba3b3ed4c3074662, type: 3}
      propertyPath: m_LocalEulerAnglesHint.z
      value: -180
      objectReference: {fileID: 0}
    - target: {fileID: -7511558181221131132, guid: ad2cc4e71b132824ba3b3ed4c3074662, type: 3}
      propertyPath: m_Materials.Array.data[0]
      value: 
      objectReference: {fileID: 2100000, guid: a33d285cda7114c47a86c18a256790d3, type: 2}
    - target: {fileID: 919132149155446097, guid: ad2cc4e71b132824ba3b3ed4c3074662, type: 3}
      propertyPath: m_Name
      value: rocks
      objectReference: {fileID: 0}
    - target: {fileID: 919132149155446097, guid: ad2cc4e71b132824ba3b3ed4c3074662, type: 3}
      propertyPath: m_Layer
      value: 6
      objectReference: {fileID: 0}
    m_RemovedComponents: []
  m_SourcePrefab: {fileID: 100100000, guid: ad2cc4e71b132824ba3b3ed4c3074662, type: 3}
--- !u!1 &898486197415675366 stripped
GameObject:
  m_CorrespondingSourceObject: {fileID: 919132149155446097, guid: ad2cc4e71b132824ba3b3ed4c3074662, type: 3}
  m_PrefabInstance: {fileID: 52206728925722807}
  m_PrefabAsset: {fileID: 0}
--- !u!4 &518970326671810396 stripped
Transform:
  m_CorrespondingSourceObject: {fileID: -8679921383154817045, guid: ad2cc4e71b132824ba3b3ed4c3074662, type: 3}
  m_PrefabInstance: {fileID: 52206728925722807}
  m_PrefabAsset: {fileID: 0}
--- !u!1001 &52206729654193553
PrefabInstance:
  m_ObjectHideFlags: 0
  serializedVersion: 2
  m_Modification:
    m_TransformParent: {fileID: 518970327260217428}
    m_Modifications:
    - target: {fileID: -8679921383154817045, guid: ad2cc4e71b132824ba3b3ed4c3074662, type: 3}
      propertyPath: m_RootOrder
      value: 5
      objectReference: {fileID: 0}
    - target: {fileID: -8679921383154817045, guid: ad2cc4e71b132824ba3b3ed4c3074662, type: 3}
      propertyPath: m_LocalScale.x
      value: 0.70673525
      objectReference: {fileID: 0}
    - target: {fileID: -8679921383154817045, guid: ad2cc4e71b132824ba3b3ed4c3074662, type: 3}
      propertyPath: m_LocalScale.y
      value: 1.7939485
      objectReference: {fileID: 0}
    - target: {fileID: -8679921383154817045, guid: ad2cc4e71b132824ba3b3ed4c3074662, type: 3}
      propertyPath: m_LocalScale.z
      value: 0.62305856
      objectReference: {fileID: 0}
    - target: {fileID: -8679921383154817045, guid: ad2cc4e71b132824ba3b3ed4c3074662, type: 3}
      propertyPath: m_LocalPosition.x
      value: 0.06662687
      objectReference: {fileID: 0}
    - target: {fileID: -8679921383154817045, guid: ad2cc4e71b132824ba3b3ed4c3074662, type: 3}
      propertyPath: m_LocalPosition.y
      value: 0.14344944
      objectReference: {fileID: 0}
    - target: {fileID: -8679921383154817045, guid: ad2cc4e71b132824ba3b3ed4c3074662, type: 3}
      propertyPath: m_LocalPosition.z
      value: -0.13259438
      objectReference: {fileID: 0}
    - target: {fileID: -8679921383154817045, guid: ad2cc4e71b132824ba3b3ed4c3074662, type: 3}
      propertyPath: m_LocalRotation.w
      value: 0.000092189504
      objectReference: {fileID: 0}
    - target: {fileID: -8679921383154817045, guid: ad2cc4e71b132824ba3b3ed4c3074662, type: 3}
      propertyPath: m_LocalRotation.x
      value: 0.8660254
      objectReference: {fileID: 0}
    - target: {fileID: -8679921383154817045, guid: ad2cc4e71b132824ba3b3ed4c3074662, type: 3}
      propertyPath: m_LocalRotation.y
      value: 0.000053132964
      objectReference: {fileID: 0}
    - target: {fileID: -8679921383154817045, guid: ad2cc4e71b132824ba3b3ed4c3074662, type: 3}
      propertyPath: m_LocalRotation.z
      value: 0.5000001
      objectReference: {fileID: 0}
    - target: {fileID: -8679921383154817045, guid: ad2cc4e71b132824ba3b3ed4c3074662, type: 3}
      propertyPath: m_LocalEulerAnglesHint.x
      value: 0
      objectReference: {fileID: 0}
    - target: {fileID: -8679921383154817045, guid: ad2cc4e71b132824ba3b3ed4c3074662, type: 3}
      propertyPath: m_LocalEulerAnglesHint.y
      value: -150
      objectReference: {fileID: 0}
    - target: {fileID: -8679921383154817045, guid: ad2cc4e71b132824ba3b3ed4c3074662, type: 3}
      propertyPath: m_LocalEulerAnglesHint.z
      value: -180
      objectReference: {fileID: 0}
    - target: {fileID: -7511558181221131132, guid: ad2cc4e71b132824ba3b3ed4c3074662, type: 3}
      propertyPath: m_Materials.Array.data[0]
      value: 
      objectReference: {fileID: 2100000, guid: a33d285cda7114c47a86c18a256790d3, type: 2}
    - target: {fileID: 919132149155446097, guid: ad2cc4e71b132824ba3b3ed4c3074662, type: 3}
      propertyPath: m_Name
      value: rocks (1)
      objectReference: {fileID: 0}
    - target: {fileID: 919132149155446097, guid: ad2cc4e71b132824ba3b3ed4c3074662, type: 3}
      propertyPath: m_Layer
      value: 6
      objectReference: {fileID: 0}
    m_RemovedComponents: []
  m_SourcePrefab: {fileID: 100100000, guid: ad2cc4e71b132824ba3b3ed4c3074662, type: 3}
--- !u!1 &898486197068853440 stripped
GameObject:
  m_CorrespondingSourceObject: {fileID: 919132149155446097, guid: ad2cc4e71b132824ba3b3ed4c3074662, type: 3}
  m_PrefabInstance: {fileID: 52206729654193553}
  m_PrefabAsset: {fileID: 0}
--- !u!4 &518970325985208954 stripped
Transform:
  m_CorrespondingSourceObject: {fileID: -8679921383154817045, guid: ad2cc4e71b132824ba3b3ed4c3074662, type: 3}
  m_PrefabInstance: {fileID: 52206729654193553}
  m_PrefabAsset: {fileID: 0}
--- !u!1001 &3841194836275036766
PrefabInstance:
  m_ObjectHideFlags: 0
  serializedVersion: 2
  m_Modification:
    m_TransformParent: {fileID: 518970327260217428}
    m_Modifications:
    - target: {fileID: -8679921383154817045, guid: eb63ff03cd83531459ac90beb600255d, type: 3}
      propertyPath: m_RootOrder
      value: 0
      objectReference: {fileID: 0}
    - target: {fileID: -8679921383154817045, guid: eb63ff03cd83531459ac90beb600255d, type: 3}
      propertyPath: m_LocalScale.x
      value: 0.7300866
      objectReference: {fileID: 0}
    - target: {fileID: -8679921383154817045, guid: eb63ff03cd83531459ac90beb600255d, type: 3}
      propertyPath: m_LocalScale.y
      value: 1.7939484
      objectReference: {fileID: 0}
    - target: {fileID: -8679921383154817045, guid: eb63ff03cd83531459ac90beb600255d, type: 3}
      propertyPath: m_LocalScale.z
      value: 0.60597146
      objectReference: {fileID: 0}
    - target: {fileID: -8679921383154817045, guid: eb63ff03cd83531459ac90beb600255d, type: 3}
      propertyPath: m_LocalPosition.x
      value: -0.3923532
      objectReference: {fileID: 0}
    - target: {fileID: -8679921383154817045, guid: eb63ff03cd83531459ac90beb600255d, type: 3}
      propertyPath: m_LocalPosition.y
      value: 1
      objectReference: {fileID: 0}
    - target: {fileID: -8679921383154817045, guid: eb63ff03cd83531459ac90beb600255d, type: 3}
      propertyPath: m_LocalPosition.z
      value: -0.88106847
      objectReference: {fileID: 0}
    - target: {fileID: -8679921383154817045, guid: eb63ff03cd83531459ac90beb600255d, type: 3}
      propertyPath: m_LocalRotation.w
      value: 0.825176
      objectReference: {fileID: 0}
    - target: {fileID: -8679921383154817045, guid: eb63ff03cd83531459ac90beb600255d, type: 3}
      propertyPath: m_LocalRotation.x
      value: -0.000087639106
      objectReference: {fileID: 0}
    - target: {fileID: -8679921383154817045, guid: eb63ff03cd83531459ac90beb600255d, type: 3}
      propertyPath: m_LocalRotation.y
      value: -0.56487584
      objectReference: {fileID: 0}
    - target: {fileID: -8679921383154817045, guid: eb63ff03cd83531459ac90beb600255d, type: 3}
      propertyPath: m_LocalRotation.z
      value: 0.00005989624
      objectReference: {fileID: 0}
    - target: {fileID: -8679921383154817045, guid: eb63ff03cd83531459ac90beb600255d, type: 3}
      propertyPath: m_LocalEulerAnglesHint.x
      value: 0
      objectReference: {fileID: 0}
    - target: {fileID: -8679921383154817045, guid: eb63ff03cd83531459ac90beb600255d, type: 3}
      propertyPath: m_LocalEulerAnglesHint.y
      value: 21.213
      objectReference: {fileID: 0}
    - target: {fileID: -8679921383154817045, guid: eb63ff03cd83531459ac90beb600255d, type: 3}
      propertyPath: m_LocalEulerAnglesHint.z
      value: 0
      objectReference: {fileID: 0}
    - target: {fileID: -7511558181221131132, guid: eb63ff03cd83531459ac90beb600255d, type: 3}
      propertyPath: m_Materials.Array.data[0]
      value: 
      objectReference: {fileID: 2100000, guid: 767bfe3df12497941823a46b8fc99053, type: 2}
    - target: {fileID: -7511558181221131132, guid: eb63ff03cd83531459ac90beb600255d, type: 3}
      propertyPath: m_Materials.Array.data[1]
      value: 
      objectReference: {fileID: 2100000, guid: a33d285cda7114c47a86c18a256790d3, type: 2}
    - target: {fileID: 919132149155446097, guid: eb63ff03cd83531459ac90beb600255d, type: 3}
      propertyPath: m_Name
      value: treePineSnow
      objectReference: {fileID: 0}
    - target: {fileID: 919132149155446097, guid: eb63ff03cd83531459ac90beb600255d, type: 3}
      propertyPath: m_Layer
      value: 6
      objectReference: {fileID: 0}
    m_RemovedComponents: []
  m_SourcePrefab: {fileID: 100100000, guid: eb63ff03cd83531459ac90beb600255d, type: 3}
--- !u!4 &3658069857158587829 stripped
Transform:
  m_CorrespondingSourceObject: {fileID: -8679921383154817045, guid: eb63ff03cd83531459ac90beb600255d, type: 3}
  m_PrefabInstance: {fileID: 3841194836275036766}
  m_PrefabAsset: {fileID: 0}
--- !u!1001 &9114070946329050442
PrefabInstance:
  m_ObjectHideFlags: 0
  serializedVersion: 2
  m_Modification:
    m_TransformParent: {fileID: 518970327260217428}
    m_Modifications:
    - target: {fileID: -8679921383154817045, guid: 7b985d614bd3e394c8aceda58d8cb4f3, type: 3}
      propertyPath: m_RootOrder
      value: 1
      objectReference: {fileID: 0}
    - target: {fileID: -8679921383154817045, guid: 7b985d614bd3e394c8aceda58d8cb4f3, type: 3}
      propertyPath: m_LocalScale.x
      value: 0.7576087
      objectReference: {fileID: 0}
    - target: {fileID: -8679921383154817045, guid: 7b985d614bd3e394c8aceda58d8cb4f3, type: 3}
      propertyPath: m_LocalScale.y
      value: 1.7939484
      objectReference: {fileID: 0}
    - target: {fileID: -8679921383154817045, guid: 7b985d614bd3e394c8aceda58d8cb4f3, type: 3}
      propertyPath: m_LocalScale.z
      value: 0.58823526
      objectReference: {fileID: 0}
    - target: {fileID: -8679921383154817045, guid: 7b985d614bd3e394c8aceda58d8cb4f3, type: 3}
      propertyPath: m_LocalPosition.x
      value: -0
      objectReference: {fileID: 0}
    - target: {fileID: -8679921383154817045, guid: 7b985d614bd3e394c8aceda58d8cb4f3, type: 3}
      propertyPath: m_LocalPosition.y
      value: 0.768
      objectReference: {fileID: 0}
    - target: {fileID: -8679921383154817045, guid: 7b985d614bd3e394c8aceda58d8cb4f3, type: 3}
      propertyPath: m_LocalPosition.z
      value: 0.685
      objectReference: {fileID: 0}
    - target: {fileID: -8679921383154817045, guid: 7b985d614bd3e394c8aceda58d8cb4f3, type: 3}
      propertyPath: m_LocalRotation.w
      value: 0.707107
      objectReference: {fileID: 0}
    - target: {fileID: -8679921383154817045, guid: 7b985d614bd3e394c8aceda58d8cb4f3, type: 3}
      propertyPath: m_LocalRotation.x
      value: -0.00007511731
      objectReference: {fileID: 0}
    - target: {fileID: -8679921383154817045, guid: 7b985d614bd3e394c8aceda58d8cb4f3, type: 3}
      propertyPath: m_LocalRotation.y
      value: -0.7071066
      objectReference: {fileID: 0}
    - target: {fileID: -8679921383154817045, guid: 7b985d614bd3e394c8aceda58d8cb4f3, type: 3}
      propertyPath: m_LocalRotation.z
      value: 0.00007500374
      objectReference: {fileID: 0}
    - target: {fileID: -8679921383154817045, guid: 7b985d614bd3e394c8aceda58d8cb4f3, type: 3}
      propertyPath: m_LocalEulerAnglesHint.x
      value: 0
      objectReference: {fileID: 0}
    - target: {fileID: -8679921383154817045, guid: 7b985d614bd3e394c8aceda58d8cb4f3, type: 3}
      propertyPath: m_LocalEulerAnglesHint.y
      value: 0
      objectReference: {fileID: 0}
    - target: {fileID: -8679921383154817045, guid: 7b985d614bd3e394c8aceda58d8cb4f3, type: 3}
      propertyPath: m_LocalEulerAnglesHint.z
      value: 0
      objectReference: {fileID: 0}
    - target: {fileID: -7511558181221131132, guid: 7b985d614bd3e394c8aceda58d8cb4f3, type: 3}
      propertyPath: m_Materials.Array.data[0]
      value: 
      objectReference: {fileID: 2100000, guid: d50a848fb71a95c41829814d45d5a80a, type: 2}
    - target: {fileID: 919132149155446097, guid: 7b985d614bd3e394c8aceda58d8cb4f3, type: 3}
      propertyPath: m_Name
      value: spikes
      objectReference: {fileID: 0}
    - target: {fileID: 919132149155446097, guid: 7b985d614bd3e394c8aceda58d8cb4f3, type: 3}
      propertyPath: m_Layer
      value: 6
      objectReference: {fileID: 0}
    m_RemovedComponents: []
  m_SourcePrefab: {fileID: 100100000, guid: 7b985d614bd3e394c8aceda58d8cb4f3, type: 3}
--- !u!4 &8786828819678616225 stripped
Transform:
  m_CorrespondingSourceObject: {fileID: -8679921383154817045, guid: 7b985d614bd3e394c8aceda58d8cb4f3, type: 3}
  m_PrefabInstance: {fileID: 9114070946329050442}
  m_PrefabAsset: {fileID: 0}
